@article{jacobson2003rtp,
  title={RTP: A transport protocol for real-time applications},
  author={Jacobson, Van and Frederick, Ron and Casner, Steve and Schulzrinne, H},
  year={2003}
}
@article{mao2006mrtp,
  title={MRTP: a multiflow real-time transport protocol for ad hoc networks},
  author={Mao, Shiwen and Bushmitch, Dennis and Narayanan, Sathya and Panwar, Shivendra S},
  journal={IEEE Transactions on Multimedia},
  volume={8},
  number={2},
  pages={356--369},
  year={2006},
  publisher={IEEE}
}
@article{ahsan2011multipath,
  title={Multipath RTP: Applying Multipath Communication to Real-time Applications},
  author={Ahsan, Saba},
  journal={Aalto University of Science and Technology},
  year={2011}
}
@article{wu2001streaming,
  title={Streaming video over the Internet: approaches and directions},
  author={Wu, Dapeng and Hou, Yiwei Thomas and Zhu, Wenwu and Zhang, Ya-Qin and Peha, Jon M},
  journal={IEEE Transactions on circuits and systems for video technology},
  volume={11},
  number={3},
  pages={282--300},
  year={2001},
  publisher={IEEE}
}
@book{tzu2015arte,
  title={A arte da guerra},
  author={Tzu, Sun and Pin, Sun},
  year={2015},
  publisher={WWF Martins Fontes}
}
@inproceedings{singh2013mprtp,
  title={MPRTP: multipath considerations for real-time media},
  author={Singh, Varun and Ahsan, Saba and Ott, J{\"o}rg},
  booktitle={Proceedings of the 4th ACM Multimedia Systems Conference},
  pages={190--201},
  year={2013},
  organization={ACM}
}
@article{ahsan2016multipath,
  title={Multipath RTP (MPRTP) draft-ietf-avtcore-mprtp-02},
  author={Ahsan, S and Eggert, L},
  year={2016}
}
@misc{gstreamer,
 title   ={GStreamer Framework},
 url     ={https://gstreamer.freedesktop.org/},
 organization={GStreamer},
 year={2019},
 urlaccessdate={10 dez. 2019}
}
@misc{rtp-rtcp,
 title   ={RTP e RTCP},
 url     ={https://www.3cx.com.br/voip-sip/rtp/},
 organization={3cx},
 year={2019},
 urlaccessdate={12 dez. 2019}
}
@misc{rtpimg,
 title   ={IMG},
 url     ={http://www.img.lx.it.pt/~fp/cav/ano2005_2006/Trabalho_2/6protocolosdestreaming.htm},
 organization={IMG},
 year={2005},
 urlaccessdate={12 dez. 2019}
}
@article{ghareeb2008multiple,
  title={About multiple paths video-streaming: State of the art},
  author={Ghareeb, Majd},
  year={2008}
}
@article{afzal2019holistic,
  title={A Holistic Survey of Wireless Multipath Video Streaming},
  author={Afzal, Samira and Testoni, Vanessa and Rothenberg, Christian Esteve and Kolan, Prakash and Bouazizi, Imed},
  journal={arXiv preprint arXiv:1906.06184},
  year={2019}
}
@article{herrero2017modeling,
  title={Modeling and comparative analysis of Forward Error Correction in the context of multipath redundancy},
  author={Herrero, Rolando},
  journal={Telecommunication Systems},
  volume={65},
  number={4},
  pages={783--794},
  year={2017},
  publisher={Springer}
}